%@string{JASA      = "Journal of the Acoustical Society of America"}
@string{JASA      = "J. Acoust. Soc. Am."}
%@string{JASA      = "The Journal of the Acoustical Society of America"}

%@string{IEEE_U_SYMP = "IEEE Ultrasonics Symposium"}
@string{IEEE_U_SYMP = "Proc. IEEE Ultrason. Symp."}

@book{goldstein1980classical,
  title={Classical Mechanics},
  author={Goldstein, H.},
  isbn={9780201029185},
  lccn={79023456},
  series={Addison-Wesley series in physics},
  url={https://books.google.dk/books?id=9M8QAQAAIAAJ},
  year={1980},
  publisher={Addison-Wesley Publishing Company}
}

@article{beazley2003,
 author = {Beazley, D. M.},
 title = {Automated Scientific Software Scripting with SWIG},
 journal = {Future Gener. Comput. Syst.},
 issue_date = {July 2003},
 volume = {19},
 number = {5},
 month = jul,
 year = {2003},
 issn = {0167-739X},
 pages = {599--609},
 numpages = {11},
 url = {http://dx.doi.org/10.1016/S0167-739X(02)00171-1},
 doi = {10.1016/S0167-739X(02)00171-1},
 acmid = {860018},
 publisher = {Elsevier Science Publishers B. V.},
 address = {Amsterdam, The Netherlands, The Netherlands},
 keywords = {SWIG, interface compiler, python, scientific software, scripting languages},
}

% SIR
@article{oberhettinger1961transient,
  title={On transient solutions of the baffled piston problem},
  author={Oberhettinger, F},
  journal={J. Res. Natl. Bur. Stand., Sect. B},
  volume={65},
  number={1},
  pages={1--6},
  year={1961}
}

@article{tupholme1969generation,
  title={Generation of acoustic pulses by baffled plane pistons},
  author={Tupholme, Geoff E},
  journal={Mathematika},
  volume={16},
  number={02},
  pages={209--224},
  year={1969},
  publisher={Cambridge Univ Press}
}

% SIR
@article{stepanishen_1971,
  title =        {Transient radiation from pistons in an infinite planar baffle},
  author =       {P. R. Stepanishen},
  journal =      {J. Acoust. Soc. Am.},
  year =         1971,
  volume =       {49},
  number =       {5},
  pages =        {1629-1638}
}

% SIR
@article{lockwood1973high,
  title={High-speed method for computing the exact solution for the pressure variations in the nearfield of a baffled piston},
  author={Lockwood, JC and Willette, JG},
  journal=JASA,
  volume={53},
  number={3},
  pages={735--741},
  year={1973},
  publisher={Acoustical Society of America}
}

@article{penttinen1976impulse,
  title={The impulse response and pressure nearfield of a curved ultrasonic radiator},
  author={Penttinen, Ao and Luukkala, M},
  journal={Journal of Physics D: Applied Physics},
  volume={9},
  number={10},
  pages={1547},
  year={1976},
  publisher={IOP Publishing}
}

@article{greenspan1979piston,
  title={Piston radiator: Some extensions of the theory},
  author={Greenspan, Martin},
  journal={The Journal of the Acoustical Society of America},
  volume={65},
  number={3},
  pages={608--621},
  year={1979},
  publisher={Acoustical Society of America}
}

@article{harris1981review,
  title={Review of transient field theory for a baffled planar piston},
  author={Harris, Gerald R},
  journal={The Journal of the Acoustical Society of America},
  volume={70},
  number={1},
  pages={10--20},
  year={1981},
  publisher={Acoustical Society of America}
}

@article{krenk1983geometrical,
  title={Geometrical aspects of acoustic radiation from a shallow spherical cap},
  author={Krenk, Steen},
  journal=JASA,
  doi = "10.1121/1.390123",
  volume={74},
  number={5},
  pages={1617--1622},
  year={1983},
  publisher={Acoustical Society of America}
}

% Sommerfeld acoustics
@article{ocheltree1989sound,
  title={Sound field calculation for rectangular sources},
  author={Ocheltree, Kenneth B and Frizzel, LA},
  journal={Ultrasonics, Ferroelectrics, and Frequency Control, IEEE Transactions on},
  volume={36},
  number={2},
  pages={242--248},
  year={1989},
  publisher={IEEE}
}

@article{jensen1991model,
  title={A model for the propagation and scattering of ultrasound in tissue},
  author={Jensen, J{\o}rgen Arendt},
  journal=JASA,
  volume={89},
  number={1},
  pages={182--190},
  year={1991}
}



@article{jensen_jasa_1996,
   author = "J. A. Jensen",
   title  = "Ultrasound fields from triangular apertures", 
   journal = JASA,
   volume  = "100(4)", 
   pages   = "2049-2056",
   year    = "1996a"}

@inproceedings{1996_jensen,
   author = "J. A. Jensen",
   title  = "Simulating arbitrary geometry ultrasound transducers using triangles",
   booktitle = IEEE_U_SYMP,
   volume = "2",
   pages  = "885-888",
   year    = "1996c"
}

% Smoothed impulse response
@article{d1997calculation,
  title={The calculation of the transient near and far field of a baffled piston using low sampling frequencies},
  author={Dâ€™Hooge, Jan and Nuyts, Johan and Bijnens, Bart and De Man, Bruno and Suetens, Paul and Thoen, Jan and Herregods, Marie-Christine and Van de Werf, Frans},
  journal=JASA,
  volume={102},
  number={1},
  pages={78--86},
  year={1997},
  publisher={Acoustical Society of America}
}

% Smoothed impulse response
@article{jensen2001speed,
  title={Speed-accuracy trade-offs in computing spatial impulse responses for simulating medical ultrasound imaging},
  author={Jensen, J{\o}rgen Arendt},
  journal={Journal of Computational Acoustics},
  volume={9},
  number={03},
  pages={731--744},
  year={2001},
  publisher={World Scientific}
}

@inproceedings{hansen2016,
  title={A fast and uniform procedure for computing time-harmonic pressures and transients for ultrasound transducers},
  author={Hansen, Jens Munk},
  booktitle = {Proc. IEEE Ultrason. Symp.},
  pages = {1-4},
  year = {2016}
}

@article{jensen1999new,
  title={A new calculation procedure for spatial impulse responses in ultrasound},
  author={Jensen, J{\o}rgen Arendt},
  journal={Acoustical Society of America. Journal},
  volume={105},
  number={6},
  pages={3266--3274},
  year={1999}
}

@article{li1999frequency,
  title={A frequency domain model for generating B-mode images with array transducers},
  author={Li, Yadong and Zagzebski, James A},
  journal={Ultrasonics, Ferroelectrics, and Frequency Control, IEEE Transactions on},
  volume={46},
  number={3},
  pages={690--699},
  year={1999},
  publisher={IEEE}
}

@article{cincotti1999efficient,
  title={Efficient transmit beamforming in pulse-echo ultrasonic imaging},
  author={Cincotti, Gabriella and Cardone, Giovanni and Gori, Paola and Pappalardo, Massimo},
  journal={Ultrasonics, Ferroelectrics, and Frequency Control, IEEE Transactions on},
  volume={46},
  number={6},
  pages={1450--1458},
  year={1999},
  publisher={IEEE}
}


@article{daum1999256,
  title={A 256-element ultrasonic phased array system for the treatment of large volumes of deep seated tissue},
  author={Daum, Douglas R and Hynynen, Kullervo},
  journal={Ultrasonics, Ferroelectrics, and Frequency Control, IEEE Transactions on},
  volume={46},
  number={5},
  pages={1254--1268},
  year={1999},
  publisher={IEEE}
}

@article{lafon2000cylindrical,
  title={Cylindrical thermal coagulation necrosis using an interstitial applicator with a plane ultrasonic transducer: in vitro and in vivo experiments versus computer simulations},
  author={Lafon, C and Prat, F and Chapelon, JY and Gorry, F and Margonari, J and Theillere, Y and Cathignol, D},
  journal={International journal of hyperthermia},
  year={2000},
  publisher={Taylor \& Francis}
}

@article{mcgough2004rapid,
  title={Rapid calculations of time-harmonic nearfield pressures produced by rectangular pistons},
  author={McGough, Robert J},
  journal=JASA,
  volume={115},
  number={5},
  pages={1934--1941},
  year={2004},
  publisher={Acoustical Society of America}
}

@article{mcgough2004efficient,
  title={An efficient grid sectoring method for calculations of the near-field pressure generated by a circular piston},
  author={McGough, Robert J and Samulski, Thaddeus V and Kelly, James F},
  journal=JASA,
  volume={115},
  number={5},
  pages={1942--1954},
  year={2004},
  publisher={Acoustical Society of America}
}

@article {chen_fnm_tri_2006,
    author = "D. Chen and J. F. Kelly and R. J. McGough",
    title = "A fast near-field method for calculations of time-harmonic and transient pressures produced by triangular pistons",
    journal = JASA,
    volume = "120",
    number = "5",
    pages = "2450-2459",
    year = "2006"
}

@article {kelly_tsd_2006,
    author = "J. F. Kelly and R. J. McGough",
    title = "A time-space decomposition method for calculating the nearfield pressure generated by a pulsed circular piston",
    journal = "IEEE Transactions on Ultrasonics, Ferroelectrics, and Frequency Control",
    volume = "53",
    number = "6",
    pages = "1150-1159",
    year = "2006"
}

@article{alles2012rapid,
  title={Rapid Transient Pressure Field Computations in the Nearfield of Circular Transducers Using Frequency-Domain Time-Space Decomposition},
  author={Alles, EJ and Zhu, Y and van Dongen, KWA and McGough, RJ},
  journal={Ultrasonic imaging},
  volume={34},
  number={4},
  pages={237--260},
  year={2012},
  publisher={SAGE Publications},
  doi = {10.1177/0161734612463847}, 
  abstract ={The fast nearfield method, when combined with time-space decomposition, is a rapid and accurate approach for calculating transient nearfield pressures generated by ultrasound transducers. However, the standard time-space decomposition approach is only applicable to certain analytical representations of the temporal transducer surface velocity that, when applied to the fast nearfield method, are expressed as a finite sum of products of separate temporal and spatial terms. To extend time-space decomposition such that accelerated transient field simulations are enabled in the nearfield for an arbitrary transducer surface velocity, a new transient simulation method, frequency-domain time-space decomposition (FDTSD), is derived. With this method, the temporal transducer surface velocity is transformed into the frequency domain, and then each complex-valued term is processed separately. Further improvements are achieved by spectral clipping, which reduces the number of terms and the computation time. Trade-offs between speed and accuracy are established for FDTSD calculations, and pressure fields obtained with the FDTSD method for a circular transducer are compared with those obtained with Field II and the impulse response method. The FDTSD approach, when combined with the fast nearfield method and spectral clipping, consistently achieves smaller errors in less time and requires less memory than Field II or the impulse response method.}, 
  URL = {http://uix.sagepub.com/content/34/4/237.abstract}, 
  eprint = {http://uix.sagepub.com/content/34/4/237.full.pdf+html}
}

@article{ignace_2014,
  author = 	 {I. Bogaert},
  title = 	 {Iteration-Free Computation of Gauss-Legendre Quadrature Nodes and Weights},
  journal = 	 {SIAM Journal of Scientific Computing},
  year = 	 {2014},
}
